%YAML 1.1
%TAG !u! tag:unity3d.com,2011:
--- !u!29 &1
OcclusionCullingSettings:
  m_ObjectHideFlags: 0
  serializedVersion: 2
  m_OcclusionBakeSettings:
    smallestOccluder: 5
    smallestHole: 0.25
    backfaceThreshold: 100
  m_SceneGUID: 00000000000000000000000000000000
  m_OcclusionCullingData: {fileID: 0}
--- !u!104 &2
RenderSettings:
  m_ObjectHideFlags: 0
  serializedVersion: 9
  m_Fog: 0
  m_FogColor: {r: 0.5, g: 0.5, b: 0.5, a: 1}
  m_FogMode: 3
  m_FogDensity: 0.01
  m_LinearFogStart: 0
  m_LinearFogEnd: 300
  m_AmbientSkyColor: {r: 0.212, g: 0.227, b: 0.259, a: 1}
  m_AmbientEquatorColor: {r: 0.114, g: 0.125, b: 0.133, a: 1}
  m_AmbientGroundColor: {r: 0.047, g: 0.043, b: 0.035, a: 1}
  m_AmbientIntensity: 1
  m_AmbientMode: 0
  m_SubtractiveShadowColor: {r: 0.42, g: 0.478, b: 0.627, a: 1}
  m_SkyboxMaterial: {fileID: 2100000, guid: 114ac303aae3a6c4b915822f09d99d82, type: 2}
  m_HaloStrength: 0.5
  m_FlareStrength: 1
  m_FlareFadeSpeed: 3
  m_HaloTexture: {fileID: 0}
  m_SpotCookie: {fileID: 10001, guid: 0000000000000000e000000000000000, type: 0}
  m_DefaultReflectionMode: 0
  m_DefaultReflectionResolution: 128
  m_ReflectionBounces: 1
  m_ReflectionIntensity: 1
  m_CustomReflection: {fileID: 0}
  m_Sun: {fileID: 0}
  m_IndirectSpecularColor: {r: 0.65955263, g: 1.2753903, b: 2.0212355, a: 1}
  m_UseRadianceAmbientProbe: 0
--- !u!157 &3
LightmapSettings:
  m_ObjectHideFlags: 0
  serializedVersion: 11
  m_GIWorkflowMode: 1
  m_GISettings:
    serializedVersion: 2
    m_BounceScale: 1
    m_IndirectOutputScale: 1
    m_AlbedoBoost: 1
    m_TemporalCoherenceThreshold: 1
    m_EnvironmentLightingMode: 0
    m_EnableBakedLightmaps: 1
    m_EnableRealtimeLightmaps: 0
  m_LightmapEditorSettings:
    serializedVersion: 10
    m_Resolution: 2
    m_BakeResolution: 30
    m_AtlasSize: 1024
    m_AO: 1
    m_AOMaxDistance: 1
    m_CompAOExponent: 1
    m_CompAOExponentDirect: 0
    m_Padding: 2
    m_LightmapParameters: {fileID: 0}
    m_LightmapsBakeMode: 1
    m_TextureCompression: 1
    m_FinalGather: 0
    m_FinalGatherFiltering: 1
    m_FinalGatherRayCount: 256
    m_ReflectionCompression: 2
    m_MixedBakeMode: 2
    m_BakeBackend: 1
    m_PVRSampling: 1
    m_PVRDirectSampleCount: 128
    m_PVRSampleCount: 256
    m_PVRBounces: 2
    m_PVRFilterTypeDirect: 0
    m_PVRFilterTypeIndirect: 0
    m_PVRFilterTypeAO: 0
    m_PVRFilteringMode: 1
    m_PVRCulling: 0
    m_PVRFilteringGaussRadiusDirect: 1
    m_PVRFilteringGaussRadiusIndirect: 5
    m_PVRFilteringGaussRadiusAO: 2
    m_PVRFilteringAtrousPositionSigmaDirect: 0.5
    m_PVRFilteringAtrousPositionSigmaIndirect: 2
    m_PVRFilteringAtrousPositionSigmaAO: 1
    m_ShowResolutionOverlay: 1
  m_LightingDataAsset: {fileID: 112000002, guid: a7e83789715f71e44ae8d1f9191cce93,
    type: 2}
  m_UseShadowmask: 1
--- !u!196 &4
NavMeshSettings:
  serializedVersion: 2
  m_ObjectHideFlags: 0
  m_BuildSettings:
    serializedVersion: 2
    agentTypeID: 0
    agentRadius: 0.5
    agentHeight: 2
    agentSlope: 45
    agentClimb: 0.4
    ledgeDropHeight: 0
    maxJumpAcrossDistance: 0
    minRegionArea: 2
    manualCellSize: 0
    cellSize: 0.16666667
    manualTileSize: 0
    tileSize: 256
    accuratePlacement: 0
    debug:
      m_Flags: 0
  m_NavMeshData: {fileID: 0}
--- !u!1001 &31775712
Prefab:
  m_ObjectHideFlags: 0
  serializedVersion: 2
  m_Modification:
    m_TransformParent: {fileID: 1661307489}
    m_Modifications:
    - target: {fileID: 400000, guid: 0f8c7462979792648abc93bea24fa94e, type: 3}
      propertyPath: m_LocalPosition.x
      value: 1.02
      objectReference: {fileID: 0}
    - target: {fileID: 400000, guid: 0f8c7462979792648abc93bea24fa94e, type: 3}
      propertyPath: m_LocalPosition.y
      value: 2.46
      objectReference: {fileID: 0}
    - target: {fileID: 400000, guid: 0f8c7462979792648abc93bea24fa94e, type: 3}
      propertyPath: m_LocalPosition.z
      value: -0.10000004
      objectReference: {fileID: 0}
    - target: {fileID: 400000, guid: 0f8c7462979792648abc93bea24fa94e, type: 3}
      propertyPath: m_LocalRotation.x
      value: -0
      objectReference: {fileID: 0}
    - target: {fileID: 400000, guid: 0f8c7462979792648abc93bea24fa94e, type: 3}
      propertyPath: m_LocalRotation.y
      value: -0.70710677
      objectReference: {fileID: 0}
    - target: {fileID: 400000, guid: 0f8c7462979792648abc93bea24fa94e, type: 3}
      propertyPath: m_LocalRotation.z
      value: -0
      objectReference: {fileID: 0}
    - target: {fileID: 400000, guid: 0f8c7462979792648abc93bea24fa94e, type: 3}
      propertyPath: m_LocalRotation.w
      value: 0.7071068
      objectReference: {fileID: 0}
    - target: {fileID: 400000, guid: 0f8c7462979792648abc93bea24fa94e, type: 3}
      propertyPath: m_RootOrder
      value: 3
      objectReference: {fileID: 0}
    - target: {fileID: 100000, guid: 0f8c7462979792648abc93bea24fa94e, type: 3}
      propertyPath: m_Name
      value: ColumnTopSlab_Model (1)
      objectReference: {fileID: 0}
    - target: {fileID: 400000, guid: 0f8c7462979792648abc93bea24fa94e, type: 3}
      propertyPath: m_LocalEulerAnglesHint.y
      value: -90.00001
      objectReference: {fileID: 0}
    - target: {fileID: 2300000, guid: 0f8c7462979792648abc93bea24fa94e, type: 3}
      propertyPath: m_Materials.Array.data[0]
      value: 
      objectReference: {fileID: 2100000, guid: 9f88d207e15952f4fa0a57706c9fa696, type: 2}
    - target: {fileID: 100000, guid: 0f8c7462979792648abc93bea24fa94e, type: 3}
      propertyPath: m_StaticEditorFlags
      value: 4294967295
      objectReference: {fileID: 0}
    - target: {fileID: 100002, guid: 0f8c7462979792648abc93bea24fa94e, type: 3}
      propertyPath: m_StaticEditorFlags
      value: 4294967295
      objectReference: {fileID: 0}
    m_RemovedComponents: []
  m_SourcePrefab: {fileID: 100100000, guid: 0f8c7462979792648abc93bea24fa94e, type: 3}
  m_IsPrefabAsset: 0
--- !u!4 &31775713 stripped
Transform:
  m_CorrespondingSourceObject: {fileID: 400000, guid: 0f8c7462979792648abc93bea24fa94e,
    type: 3}
  m_PrefabInternal: {fileID: 31775712}
--- !u!1 &170076733
GameObject:
  m_ObjectHideFlags: 0
  m_CorrespondingSourceObject: {fileID: 0}
  m_PrefabInternal: {fileID: 0}
  serializedVersion: 6
  m_Component:
  - component: {fileID: 170076735}
  - component: {fileID: 170076734}
  m_Layer: 0
  m_Name: KeyLight
  m_TagString: Untagged
  m_Icon: {fileID: 0}
  m_NavMeshLayer: 0
  m_StaticEditorFlags: 4294967295
  m_IsActive: 1
--- !u!108 &170076734
Light:
  m_ObjectHideFlags: 0
  m_CorrespondingSourceObject: {fileID: 0}
  m_PrefabInternal: {fileID: 0}
  m_GameObject: {fileID: 170076733}
  m_Enabled: 1
  serializedVersion: 8
  m_Type: 1
  m_Color: {r: 0.8867924, g: 0.65924656, b: 0.2216981, a: 1}
  m_Intensity: 1.11
  m_Range: 10
  m_SpotAngle: 30
  m_CookieSize: 10
  m_Shadows:
    m_Type: 2
    m_Resolution: -1
    m_CustomResolution: -1
    m_Strength: 1
    m_Bias: 0.05
    m_NormalBias: 0.4
    m_NearPlane: 0.2
  m_Cookie: {fileID: 0}
  m_DrawHalo: 0
  m_Flare: {fileID: 0}
  m_RenderMode: 0
  m_CullingMask:
    serializedVersion: 2
    m_Bits: 4294967295
  m_Lightmapping: 1
  m_LightShadowCasterMode: 0
  m_AreaSize: {x: 1, y: 1}
  m_BounceIntensity: 1
  m_ColorTemperature: 6570
  m_UseColorTemperature: 0
  m_ShadowRadius: 0
  m_ShadowAngle: 0
--- !u!4 &170076735
Transform:
  m_ObjectHideFlags: 0
  m_CorrespondingSourceObject: {fileID: 0}
  m_PrefabInternal: {fileID: 0}
  m_GameObject: {fileID: 170076733}
  m_LocalRotation: {x: 0.17145088, y: 0.06682152, z: -0.7134788, w: 0.6760825}
  m_LocalPosition: {x: 1.594717, y: 3.2954535, z: 3.07271}
  m_LocalScale: {x: 1, y: 1, z: 1}
  m_Children: []
  m_Father: {fileID: 344654617}
  m_RootOrder: 0
  m_LocalEulerAnglesHint: {x: 19.098001, y: -9.398001, z: -94.66801}
--- !u!1001 &181565983
Prefab:
  m_ObjectHideFlags: 0
  serializedVersion: 2
  m_Modification:
    m_TransformParent: {fileID: 421925296}
    m_Modifications:
    - target: {fileID: 400002, guid: e7606c0714612334a9f63faac1948d79, type: 3}
      propertyPath: m_LocalPosition.x
      value: 1.5562015
      objectReference: {fileID: 0}
    - target: {fileID: 400002, guid: e7606c0714612334a9f63faac1948d79, type: 3}
      propertyPath: m_LocalPosition.y
      value: 0.39545354
      objectReference: {fileID: 0}
    - target: {fileID: 400002, guid: e7606c0714612334a9f63faac1948d79, type: 3}
      propertyPath: m_LocalPosition.z
      value: 2.976881
      objectReference: {fileID: 0}
    - target: {fileID: 400002, guid: e7606c0714612334a9f63faac1948d79, type: 3}
      propertyPath: m_LocalRotation.x
      value: -0
      objectReference: {fileID: 0}
    - target: {fileID: 400002, guid: e7606c0714612334a9f63faac1948d79, type: 3}
      propertyPath: m_LocalRotation.y
      value: -0.84082556
      objectReference: {fileID: 0}
    - target: {fileID: 400002, guid: e7606c0714612334a9f63faac1948d79, type: 3}
      propertyPath: m_LocalRotation.z
      value: -0
      objectReference: {fileID: 0}
    - target: {fileID: 400002, guid: e7606c0714612334a9f63faac1948d79, type: 3}
      propertyPath: m_LocalRotation.w
      value: -0.5413062
      objectReference: {fileID: 0}
    - target: {fileID: 400002, guid: e7606c0714612334a9f63faac1948d79, type: 3}
      propertyPath: m_RootOrder
      value: 1
      objectReference: {fileID: 0}
    - target: {fileID: 400002, guid: e7606c0714612334a9f63faac1948d79, type: 3}
      propertyPath: m_LocalEulerAnglesHint.y
      value: -245.545
      objectReference: {fileID: 0}
    - target: {fileID: 2300000, guid: e7606c0714612334a9f63faac1948d79, type: 3}
      propertyPath: m_Materials.Array.data[0]
      value: 
      objectReference: {fileID: 2100000, guid: 17b3c04317d8969479c1d95255b27269, type: 2}
    - target: {fileID: 100002, guid: e7606c0714612334a9f63faac1948d79, type: 3}
      propertyPath: m_StaticEditorFlags
      value: 4294967295
      objectReference: {fileID: 0}
    - target: {fileID: 100000, guid: e7606c0714612334a9f63faac1948d79, type: 3}
      propertyPath: m_StaticEditorFlags
      value: 4294967295
      objectReference: {fileID: 0}
    m_RemovedComponents: []
  m_SourcePrefab: {fileID: 100100000, guid: e7606c0714612334a9f63faac1948d79, type: 3}
  m_IsPrefabAsset: 0
--- !u!4 &181565984 stripped
Transform:
  m_CorrespondingSourceObject: {fileID: 400002, guid: e7606c0714612334a9f63faac1948d79,
    type: 3}
  m_PrefabInternal: {fileID: 181565983}
--- !u!1 &341811664
GameObject:
  m_ObjectHideFlags: 0
  m_CorrespondingSourceObject: {fileID: 0}
  m_PrefabInternal: {fileID: 0}
  serializedVersion: 6
  m_Component:
  - component: {fileID: 341811667}
  - component: {fileID: 341811666}
  - component: {fileID: 341811665}
  m_Layer: 0
  m_Name: Camera
  m_TagString: Untagged
  m_Icon: {fileID: 0}
  m_NavMeshLayer: 0
  m_StaticEditorFlags: 0
  m_IsActive: 1
--- !u!81 &341811665
AudioListener:
  m_ObjectHideFlags: 0
  m_CorrespondingSourceObject: {fileID: 0}
  m_PrefabInternal: {fileID: 0}
  m_GameObject: {fileID: 341811664}
  m_Enabled: 1
--- !u!20 &341811666
Camera:
  m_ObjectHideFlags: 0
  m_CorrespondingSourceObject: {fileID: 0}
  m_PrefabInternal: {fileID: 0}
  m_GameObject: {fileID: 341811664}
  m_Enabled: 1
  serializedVersion: 2
  m_ClearFlags: 1
  m_BackGroundColor: {r: 0.19215687, g: 0.3019608, b: 0.4745098, a: 0}
  m_projectionMatrixMode: 1
  m_SensorSize: {x: 36, y: 24}
  m_LensShift: {x: 0, y: 0}
  m_FocalLength: 50
  m_NormalizedViewPortRect:
    serializedVersion: 2
    x: 0
    y: 0
    width: 1
    height: 1
  near clip plane: 0.3
  far clip plane: 1000
  field of view: 60
  orthographic: 0
  orthographic size: 5
  m_Depth: 0
  m_CullingMask:
    serializedVersion: 2
    m_Bits: 4294967295
  m_RenderingPath: -1
  m_TargetTexture: {fileID: 0}
  m_TargetDisplay: 0
  m_TargetEye: 3
  m_HDR: 1
  m_AllowMSAA: 1
  m_AllowDynamicResolution: 0
  m_ForceIntoRT: 0
  m_OcclusionCulling: 1
  m_StereoConvergence: 10
  m_StereoSeparation: 0.022
--- !u!4 &341811667
Transform:
  m_ObjectHideFlags: 0
  m_CorrespondingSourceObject: {fileID: 0}
  m_PrefabInternal: {fileID: 0}
  m_GameObject: {fileID: 341811664}
  m_LocalRotation: {x: 0.029431535, y: -0.9611881, z: 0.11321753, w: 0.24986626}
  m_LocalPosition: {x: 1.84, y: 1.94, z: 3.39}
  m_LocalScale: {x: 1, y: 1, z: 1}
  m_Children: []
  m_Father: {fileID: 0}
  m_RootOrder: 3
  m_LocalEulerAnglesHint: {x: 13.436001, y: -150.856, z: 0}
--- !u!1 &344654616
GameObject:
  m_ObjectHideFlags: 0
  m_CorrespondingSourceObject: {fileID: 0}
  m_PrefabInternal: {fileID: 0}
  serializedVersion: 6
  m_Component:
  - component: {fileID: 344654617}
  m_Layer: 0
  m_Name: Lights
  m_TagString: Untagged
  m_Icon: {fileID: 0}
  m_NavMeshLayer: 0
  m_StaticEditorFlags: 4294967295
  m_IsActive: 1
--- !u!4 &344654617
Transform:
  m_ObjectHideFlags: 0
  m_CorrespondingSourceObject: {fileID: 0}
  m_PrefabInternal: {fileID: 0}
  m_GameObject: {fileID: 344654616}
  m_LocalRotation: {x: 0, y: 0, z: 0, w: 1}
  m_LocalPosition: {x: 0, y: 0, z: 0}
  m_LocalScale: {x: 1, y: 1, z: 1}
  m_Children:
  - {fileID: 170076735}
  - {fileID: 2053251244}
  m_Father: {fileID: 421925296}
  m_RootOrder: 3
  m_LocalEulerAnglesHint: {x: 0, y: 0, z: 0}
--- !u!1 &351400257
GameObject:
  m_ObjectHideFlags: 0
  m_CorrespondingSourceObject: {fileID: 0}
  m_PrefabInternal: {fileID: 0}
  serializedVersion: 6
  m_Component:
  - component: {fileID: 351400258}
  m_Layer: 0
  m_Name: StagingPoint
  m_TagString: Untagged
  m_Icon: {fileID: 0}
  m_NavMeshLayer: 0
  m_StaticEditorFlags: 4294967295
  m_IsActive: 1
--- !u!4 &351400258
Transform:
  m_ObjectHideFlags: 0
  m_CorrespondingSourceObject: {fileID: 0}
  m_PrefabInternal: {fileID: 0}
  m_GameObject: {fileID: 351400257}
  m_LocalRotation: {x: -0, y: -0, z: -0, w: 1}
  m_LocalPosition: {x: -0.037, y: 0.76600003, z: -0.028}
  m_LocalScale: {x: 1, y: 1, z: 1}
  m_Children: []
  m_Father: {fileID: 1292686465}
  m_RootOrder: 1
  m_LocalEulerAnglesHint: {x: 0, y: 0, z: 0}
--- !u!1 &421925295
GameObject:
  m_ObjectHideFlags: 0
  m_CorrespondingSourceObject: {fileID: 0}
  m_PrefabInternal: {fileID: 0}
  serializedVersion: 6
  m_Component:
  - component: {fileID: 421925296}
  m_Layer: 0
  m_Name: Environment
  m_TagString: Untagged
  m_Icon: {fileID: 0}
  m_NavMeshLayer: 0
  m_StaticEditorFlags: 4294967295
  m_IsActive: 1
--- !u!4 &421925296
Transform:
  m_ObjectHideFlags: 0
  m_CorrespondingSourceObject: {fileID: 0}
  m_PrefabInternal: {fileID: 0}
  m_GameObject: {fileID: 421925295}
  m_LocalRotation: {x: 0, y: 0, z: 0, w: 1}
  m_LocalPosition: {x: -1.594717, y: -0.29545355, z: -1.62}
  m_LocalScale: {x: 1, y: 1, z: 1}
  m_Children:
  - {fileID: 1292686465}
  - {fileID: 181565984}
  - {fileID: 483620773}
  - {fileID: 344654617}
  m_Father: {fileID: 0}
  m_RootOrder: 2
  m_LocalEulerAnglesHint: {x: 0, y: 0, z: 0}
--- !u!1 &466368031
GameObject:
  m_ObjectHideFlags: 0
  m_CorrespondingSourceObject: {fileID: 0}
  m_PrefabInternal: {fileID: 0}
  serializedVersion: 6
  m_Component:
  - component: {fileID: 466368032}
  m_Layer: 0
  m_Name: HammerPivot
  m_TagString: Untagged
  m_Icon: {fileID: 0}
  m_NavMeshLayer: 0
  m_StaticEditorFlags: 0
  m_IsActive: 1
--- !u!4 &466368032
Transform:
  m_ObjectHideFlags: 0
  m_CorrespondingSourceObject: {fileID: 0}
  m_PrefabInternal: {fileID: 0}
  m_GameObject: {fileID: 466368031}
  m_LocalRotation: {x: -0, y: -0, z: -0, w: 1}
  m_LocalPosition: {x: -0.23, y: -1.201, z: 0.223}
  m_LocalScale: {x: 1, y: 1, z: 1}
  m_Children: []
  m_Father: {fileID: 1695928459}
  m_RootOrder: 1
  m_LocalEulerAnglesHint: {x: 0, y: 0, z: 0}
--- !u!1001 &471453176
Prefab:
  m_ObjectHideFlags: 0
  serializedVersion: 2
  m_Modification:
    m_TransformParent: {fileID: 483620773}
    m_Modifications:
    - target: {fileID: 400000, guid: 198e6a3df1c5eeb4f8686740737e5ac1, type: 3}
      propertyPath: m_LocalPosition.x
      value: 1.4
      objectReference: {fileID: 0}
    - target: {fileID: 400000, guid: 198e6a3df1c5eeb4f8686740737e5ac1, type: 3}
      propertyPath: m_LocalPosition.y
      value: 0.41
      objectReference: {fileID: 0}
    - target: {fileID: 400000, guid: 198e6a3df1c5eeb4f8686740737e5ac1, type: 3}
      propertyPath: m_LocalPosition.z
      value: -1.68
      objectReference: {fileID: 0}
    - target: {fileID: 400000, guid: 198e6a3df1c5eeb4f8686740737e5ac1, type: 3}
      propertyPath: m_LocalRotation.x
      value: -0
      objectReference: {fileID: 0}
    - target: {fileID: 400000, guid: 198e6a3df1c5eeb4f8686740737e5ac1, type: 3}
      propertyPath: m_LocalRotation.y
      value: 0.1801222
      objectReference: {fileID: 0}
    - target: {fileID: 400000, guid: 198e6a3df1c5eeb4f8686740737e5ac1, type: 3}
      propertyPath: m_LocalRotation.z
      value: -0
      objectReference: {fileID: 0}
    - target: {fileID: 400000, guid: 198e6a3df1c5eeb4f8686740737e5ac1, type: 3}
      propertyPath: m_LocalRotation.w
      value: 0.98364425
      objectReference: {fileID: 0}
    - target: {fileID: 400000, guid: 198e6a3df1c5eeb4f8686740737e5ac1, type: 3}
      propertyPath: m_RootOrder
      value: 2
      objectReference: {fileID: 0}
    - target: {fileID: 400000, guid: 198e6a3df1c5eeb4f8686740737e5ac1, type: 3}
      propertyPath: m_LocalScale.x
      value: 0.79026
      objectReference: {fileID: 0}
    - target: {fileID: 400000, guid: 198e6a3df1c5eeb4f8686740737e5ac1, type: 3}
      propertyPath: m_LocalScale.y
      value: 0.79026
      objectReference: {fileID: 0}
    - target: {fileID: 400000, guid: 198e6a3df1c5eeb4f8686740737e5ac1, type: 3}
      propertyPath: m_LocalScale.z
      value: 0.79026
      objectReference: {fileID: 0}
    - target: {fileID: 400000, guid: 198e6a3df1c5eeb4f8686740737e5ac1, type: 3}
      propertyPath: m_LocalEulerAnglesHint.y
      value: 20.754002
      objectReference: {fileID: 0}
    - target: {fileID: 2300000, guid: 198e6a3df1c5eeb4f8686740737e5ac1, type: 3}
      propertyPath: m_Materials.Array.data[0]
      value: 
      objectReference: {fileID: 2100000, guid: 9f88d207e15952f4fa0a57706c9fa696, type: 2}
    - target: {fileID: 100002, guid: 198e6a3df1c5eeb4f8686740737e5ac1, type: 3}
      propertyPath: m_StaticEditorFlags
      value: 4294967295
      objectReference: {fileID: 0}
    - target: {fileID: 100000, guid: 198e6a3df1c5eeb4f8686740737e5ac1, type: 3}
      propertyPath: m_StaticEditorFlags
      value: 4294967295
      objectReference: {fileID: 0}
    m_RemovedComponents: []
  m_SourcePrefab: {fileID: 100100000, guid: 198e6a3df1c5eeb4f8686740737e5ac1, type: 3}
  m_IsPrefabAsset: 0
--- !u!4 &471453177 stripped
Transform:
  m_CorrespondingSourceObject: {fileID: 400000, guid: 198e6a3df1c5eeb4f8686740737e5ac1,
    type: 3}
  m_PrefabInternal: {fileID: 471453176}
--- !u!1 &483620772
GameObject:
  m_ObjectHideFlags: 0
  m_CorrespondingSourceObject: {fileID: 0}
  m_PrefabInternal: {fileID: 0}
  serializedVersion: 6
  m_Component:
  - component: {fileID: 483620773}
  m_Layer: 0
  m_Name: BackgroundProps
  m_TagString: Untagged
  m_Icon: {fileID: 0}
  m_NavMeshLayer: 0
  m_StaticEditorFlags: 4294967295
  m_IsActive: 1
--- !u!4 &483620773
Transform:
  m_ObjectHideFlags: 0
  m_CorrespondingSourceObject: {fileID: 0}
  m_PrefabInternal: {fileID: 0}
  m_GameObject: {fileID: 483620772}
  m_LocalRotation: {x: 0, y: 0, z: 0, w: 1}
  m_LocalPosition: {x: 0, y: 0, z: 0}
  m_LocalScale: {x: 1, y: 1, z: 1}
  m_Children:
  - {fileID: 1661307489}
  - {fileID: 1116471769}
  - {fileID: 471453177}
  - {fileID: 1031822979}
  - {fileID: 1465375160}
  m_Father: {fileID: 421925296}
  m_RootOrder: 2
  m_LocalEulerAnglesHint: {x: 0, y: 0, z: 0}
--- !u!1 &641395553
GameObject:
  m_ObjectHideFlags: 0
  m_CorrespondingSourceObject: {fileID: 0}
  m_PrefabInternal: {fileID: 0}
  serializedVersion: 6
  m_Component:
  - component: {fileID: 641395554}
  - component: {fileID: 641395555}
  m_Layer: 0
  m_Name: HammerGrip
  m_TagString: Untagged
  m_Icon: {fileID: 0}
  m_NavMeshLayer: 0
  m_StaticEditorFlags: 0
  m_IsActive: 1
--- !u!4 &641395554
Transform:
  m_ObjectHideFlags: 0
  m_CorrespondingSourceObject: {fileID: 0}
  m_PrefabInternal: {fileID: 0}
  m_GameObject: {fileID: 641395553}
  m_LocalRotation: {x: 0, y: 0, z: 0, w: 1}
  m_LocalPosition: {x: 0, y: 0, z: 0}
  m_LocalScale: {x: 1, y: 1, z: 1}
  m_Children:
  - {fileID: 915597251}
  m_Father: {fileID: 1695928459}
  m_RootOrder: 0
  m_LocalEulerAnglesHint: {x: 0, y: 0, z: 0}
--- !u!114 &641395555
MonoBehaviour:
  m_ObjectHideFlags: 0
  m_CorrespondingSourceObject: {fileID: 0}
  m_PrefabInternal: {fileID: 0}
  m_GameObject: {fileID: 641395553}
  m_Enabled: 1
  m_EditorHideFlags: 0
  m_Script: {fileID: 11500000, guid: 81182bae642265542a650ea40b0ae955, type: 3}
  m_Name: 
  m_EditorClassIdentifier: 
  target: {fileID: 466368032}
  GripHand: {fileID: 0}
--- !u!1001 &690448910
Prefab:
  m_ObjectHideFlags: 0
  serializedVersion: 2
  m_Modification:
    m_TransformParent: {fileID: 1661307489}
    m_Modifications:
    - target: {fileID: 400000, guid: fbab9aba5b5e0c84884040db84058079, type: 3}
      propertyPath: m_LocalPosition.x
      value: 0.09699988
      objectReference: {fileID: 0}
    - target: {fileID: 400000, guid: fbab9aba5b5e0c84884040db84058079, type: 3}
      propertyPath: m_LocalPosition.y
      value: 2.5465465
      objectReference: {fileID: 0}
    - target: {fileID: 400000, guid: fbab9aba5b5e0c84884040db84058079, type: 3}
      propertyPath: m_LocalPosition.z
      value: -0.09899999
      objectReference: {fileID: 0}
    - target: {fileID: 400000, guid: fbab9aba5b5e0c84884040db84058079, type: 3}
      propertyPath: m_LocalRotation.x
      value: -0
      objectReference: {fileID: 0}
    - target: {fileID: 400000, guid: fbab9aba5b5e0c84884040db84058079, type: 3}
      propertyPath: m_LocalRotation.y
      value: -0
      objectReference: {fileID: 0}
    - target: {fileID: 400000, guid: fbab9aba5b5e0c84884040db84058079, type: 3}
      propertyPath: m_LocalRotation.z
      value: -0
      objectReference: {fileID: 0}
    - target: {fileID: 400000, guid: fbab9aba5b5e0c84884040db84058079, type: 3}
      propertyPath: m_LocalRotation.w
      value: 1
      objectReference: {fileID: 0}
    - target: {fileID: 400000, guid: fbab9aba5b5e0c84884040db84058079, type: 3}
      propertyPath: m_RootOrder
      value: 4
      objectReference: {fileID: 0}
    - target: {fileID: 2300000, guid: fbab9aba5b5e0c84884040db84058079, type: 3}
      propertyPath: m_Materials.Array.data[0]
      value: 
      objectReference: {fileID: 2100000, guid: 9f88d207e15952f4fa0a57706c9fa696, type: 2}
    - target: {fileID: 100002, guid: fbab9aba5b5e0c84884040db84058079, type: 3}
      propertyPath: m_StaticEditorFlags
      value: 4294967295
      objectReference: {fileID: 0}
    - target: {fileID: 100000, guid: fbab9aba5b5e0c84884040db84058079, type: 3}
      propertyPath: m_StaticEditorFlags
      value: 4294967295
      objectReference: {fileID: 0}
    m_RemovedComponents: []
  m_SourcePrefab: {fileID: 100100000, guid: fbab9aba5b5e0c84884040db84058079, type: 3}
  m_IsPrefabAsset: 0
--- !u!4 &690448911 stripped
Transform:
  m_CorrespondingSourceObject: {fileID: 400000, guid: fbab9aba5b5e0c84884040db84058079,
    type: 3}
  m_PrefabInternal: {fileID: 690448910}
--- !u!1001 &750354302
Prefab:
  m_ObjectHideFlags: 0
  serializedVersion: 2
  m_Modification:
    m_TransformParent: {fileID: 915597251}
    m_Modifications:
    - target: {fileID: 400002, guid: 3d37841378e59674e9680feb25084a70, type: 3}
      propertyPath: m_LocalPosition.x
      value: 0
      objectReference: {fileID: 0}
    - target: {fileID: 400002, guid: 3d37841378e59674e9680feb25084a70, type: 3}
      propertyPath: m_LocalPosition.y
      value: 0
      objectReference: {fileID: 0}
    - target: {fileID: 400002, guid: 3d37841378e59674e9680feb25084a70, type: 3}
      propertyPath: m_LocalPosition.z
      value: 0
      objectReference: {fileID: 0}
    - target: {fileID: 400002, guid: 3d37841378e59674e9680feb25084a70, type: 3}
      propertyPath: m_LocalRotation.x
      value: -0
      objectReference: {fileID: 0}
    - target: {fileID: 400002, guid: 3d37841378e59674e9680feb25084a70, type: 3}
      propertyPath: m_LocalRotation.y
      value: -0
      objectReference: {fileID: 0}
    - target: {fileID: 400002, guid: 3d37841378e59674e9680feb25084a70, type: 3}
      propertyPath: m_LocalRotation.z
      value: -0
      objectReference: {fileID: 0}
    - target: {fileID: 400002, guid: 3d37841378e59674e9680feb25084a70, type: 3}
      propertyPath: m_LocalRotation.w
      value: 1
      objectReference: {fileID: 0}
    - target: {fileID: 400002, guid: 3d37841378e59674e9680feb25084a70, type: 3}
      propertyPath: m_RootOrder
      value: 0
      objectReference: {fileID: 0}
    - target: {fileID: 2300000, guid: 3d37841378e59674e9680feb25084a70, type: 3}
      propertyPath: m_Materials.Array.data[0]
      value: 
      objectReference: {fileID: 2100000, guid: f9e25f0504204e843899ad7e80d78f9c, type: 2}
    - target: {fileID: 100002, guid: 3d37841378e59674e9680feb25084a70, type: 3}
      propertyPath: m_Name
      value: HammerMetalPole
      objectReference: {fileID: 0}
    m_RemovedComponents: []
  m_SourcePrefab: {fileID: 100100000, guid: 3d37841378e59674e9680feb25084a70, type: 3}
  m_IsPrefabAsset: 0
--- !u!4 &750354303 stripped
Transform:
  m_CorrespondingSourceObject: {fileID: 400002, guid: 3d37841378e59674e9680feb25084a70,
    type: 3}
  m_PrefabInternal: {fileID: 750354302}
--- !u!1001 &774899526
Prefab:
  m_ObjectHideFlags: 0
  serializedVersion: 2
  m_Modification:
    m_TransformParent: {fileID: 820508634}
    m_Modifications:
    - target: {fileID: 400002, guid: bc906bb067a3edb48a7b4521042a6e76, type: 3}
      propertyPath: m_LocalPosition.x
      value: 0
      objectReference: {fileID: 0}
    - target: {fileID: 400002, guid: bc906bb067a3edb48a7b4521042a6e76, type: 3}
      propertyPath: m_LocalPosition.y
      value: -0.283
      objectReference: {fileID: 0}
    - target: {fileID: 400002, guid: bc906bb067a3edb48a7b4521042a6e76, type: 3}
      propertyPath: m_LocalPosition.z
      value: 0
      objectReference: {fileID: 0}
    - target: {fileID: 400002, guid: bc906bb067a3edb48a7b4521042a6e76, type: 3}
      propertyPath: m_LocalRotation.x
      value: -0
      objectReference: {fileID: 0}
    - target: {fileID: 400002, guid: bc906bb067a3edb48a7b4521042a6e76, type: 3}
      propertyPath: m_LocalRotation.y
      value: 0.8525251
      objectReference: {fileID: 0}
    - target: {fileID: 400002, guid: bc906bb067a3edb48a7b4521042a6e76, type: 3}
      propertyPath: m_LocalRotation.z
      value: -0
      objectReference: {fileID: 0}
    - target: {fileID: 400002, guid: bc906bb067a3edb48a7b4521042a6e76, type: 3}
      propertyPath: m_LocalRotation.w
      value: 0.52268624
      objectReference: {fileID: 0}
    - target: {fileID: 400002, guid: bc906bb067a3edb48a7b4521042a6e76, type: 3}
      propertyPath: m_RootOrder
      value: 1
      objectReference: {fileID: 0}
    - target: {fileID: 2300000, guid: bc906bb067a3edb48a7b4521042a6e76, type: 3}
      propertyPath: m_Materials.Array.data[0]
      value: 
      objectReference: {fileID: 2100000, guid: c1c2f893ca36f5c4f8f00561b4a86f2e, type: 2}
    - target: {fileID: 100002, guid: bc906bb067a3edb48a7b4521042a6e76, type: 3}
      propertyPath: m_Name
      value: HammerHeadDivider
      objectReference: {fileID: 0}
    - target: {fileID: 400002, guid: bc906bb067a3edb48a7b4521042a6e76, type: 3}
      propertyPath: m_LocalEulerAnglesHint.y
      value: 116.975006
      objectReference: {fileID: 0}
    m_RemovedComponents: []
  m_SourcePrefab: {fileID: 100100000, guid: bc906bb067a3edb48a7b4521042a6e76, type: 3}
  m_IsPrefabAsset: 0
--- !u!1001 &781008348
Prefab:
  m_ObjectHideFlags: 0
  serializedVersion: 2
  m_Modification:
    m_TransformParent: {fileID: 1661307489}
    m_Modifications:
    - target: {fileID: 400000, guid: fd9ffd2c1286d304184fecfe74f54e9f, type: 3}
      propertyPath: m_LocalPosition.x
      value: -0.83528304
      objectReference: {fileID: 0}
    - target: {fileID: 400000, guid: fd9ffd2c1286d304184fecfe74f54e9f, type: 3}
      propertyPath: m_LocalPosition.y
      value: -0.017999828
      objectReference: {fileID: 0}
    - target: {fileID: 400000, guid: fd9ffd2c1286d304184fecfe74f54e9f, type: 3}
      propertyPath: m_LocalPosition.z
      value: -0.10000004
      objectReference: {fileID: 0}
    - target: {fileID: 400000, guid: fd9ffd2c1286d304184fecfe74f54e9f, type: 3}
      propertyPath: m_LocalRotation.x
      value: -0
      objectReference: {fileID: 0}
    - target: {fileID: 400000, guid: fd9ffd2c1286d304184fecfe74f54e9f, type: 3}
      propertyPath: m_LocalRotation.y
      value: -0
      objectReference: {fileID: 0}
    - target: {fileID: 400000, guid: fd9ffd2c1286d304184fecfe74f54e9f, type: 3}
      propertyPath: m_LocalRotation.z
      value: -0
      objectReference: {fileID: 0}
    - target: {fileID: 400000, guid: fd9ffd2c1286d304184fecfe74f54e9f, type: 3}
      propertyPath: m_LocalRotation.w
      value: 1
      objectReference: {fileID: 0}
    - target: {fileID: 400000, guid: fd9ffd2c1286d304184fecfe74f54e9f, type: 3}
      propertyPath: m_RootOrder
      value: 0
      objectReference: {fileID: 0}
    - target: {fileID: 2300000, guid: fd9ffd2c1286d304184fecfe74f54e9f, type: 3}
      propertyPath: m_Materials.Array.data[0]
      value: 
      objectReference: {fileID: 2100000, guid: 9f88d207e15952f4fa0a57706c9fa696, type: 2}
    - target: {fileID: 100002, guid: fd9ffd2c1286d304184fecfe74f54e9f, type: 3}
      propertyPath: m_StaticEditorFlags
      value: 4294967295
      objectReference: {fileID: 0}
    - target: {fileID: 100000, guid: fd9ffd2c1286d304184fecfe74f54e9f, type: 3}
      propertyPath: m_StaticEditorFlags
      value: 4294967295
      objectReference: {fileID: 0}
    m_RemovedComponents: []
  m_SourcePrefab: {fileID: 100100000, guid: fd9ffd2c1286d304184fecfe74f54e9f, type: 3}
  m_IsPrefabAsset: 0
--- !u!4 &781008349 stripped
Transform:
  m_CorrespondingSourceObject: {fileID: 400000, guid: fd9ffd2c1286d304184fecfe74f54e9f,
    type: 3}
  m_PrefabInternal: {fileID: 781008348}
--- !u!1001 &820508633
Prefab:
  m_ObjectHideFlags: 0
  serializedVersion: 2
  m_Modification:
    m_TransformParent: {fileID: 915597251}
    m_Modifications:
    - target: {fileID: 400002, guid: 62d29d9a70de60e4b85455a944b0a623, type: 3}
      propertyPath: m_LocalPosition.x
      value: 0
      objectReference: {fileID: 0}
    - target: {fileID: 400002, guid: 62d29d9a70de60e4b85455a944b0a623, type: 3}
      propertyPath: m_LocalPosition.y
      value: 0.885
      objectReference: {fileID: 0}
    - target: {fileID: 400002, guid: 62d29d9a70de60e4b85455a944b0a623, type: 3}
      propertyPath: m_LocalPosition.z
      value: 0
      objectReference: {fileID: 0}
    - target: {fileID: 400002, guid: 62d29d9a70de60e4b85455a944b0a623, type: 3}
      propertyPath: m_LocalRotation.x
      value: -0
      objectReference: {fileID: 0}
    - target: {fileID: 400002, guid: 62d29d9a70de60e4b85455a944b0a623, type: 3}
      propertyPath: m_LocalRotation.y
      value: -0
      objectReference: {fileID: 0}
    - target: {fileID: 400002, guid: 62d29d9a70de60e4b85455a944b0a623, type: 3}
      propertyPath: m_LocalRotation.z
      value: -0
      objectReference: {fileID: 0}
    - target: {fileID: 400002, guid: 62d29d9a70de60e4b85455a944b0a623, type: 3}
      propertyPath: m_LocalRotation.w
      value: 1
      objectReference: {fileID: 0}
    - target: {fileID: 400002, guid: 62d29d9a70de60e4b85455a944b0a623, type: 3}
      propertyPath: m_RootOrder
      value: 1
      objectReference: {fileID: 0}
    - target: {fileID: 2300000, guid: 62d29d9a70de60e4b85455a944b0a623, type: 3}
      propertyPath: m_Materials.Array.data[0]
      value: 
      objectReference: {fileID: 2100000, guid: 082b5f5013d05b44baba88e99969c010, type: 2}
    - target: {fileID: 100002, guid: 62d29d9a70de60e4b85455a944b0a623, type: 3}
      propertyPath: m_TagString
      value: BanHammerHead
      objectReference: {fileID: 0}
    m_RemovedComponents: []
  m_SourcePrefab: {fileID: 100100000, guid: 62d29d9a70de60e4b85455a944b0a623, type: 3}
  m_IsPrefabAsset: 0
--- !u!4 &820508634 stripped
Transform:
  m_CorrespondingSourceObject: {fileID: 400002, guid: 62d29d9a70de60e4b85455a944b0a623,
    type: 3}
  m_PrefabInternal: {fileID: 820508633}
--- !u!1 &915597250
GameObject:
  m_ObjectHideFlags: 0
  m_CorrespondingSourceObject: {fileID: 0}
  m_PrefabInternal: {fileID: 0}
  serializedVersion: 6
  m_Component:
  - component: {fileID: 915597251}
  m_Layer: 0
  m_Name: HammerArt
  m_TagString: Untagged
  m_Icon: {fileID: 0}
  m_NavMeshLayer: 0
  m_StaticEditorFlags: 0
  m_IsActive: 1
--- !u!4 &915597251
Transform:
  m_ObjectHideFlags: 0
  m_CorrespondingSourceObject: {fileID: 0}
  m_PrefabInternal: {fileID: 0}
  m_GameObject: {fileID: 915597250}
  m_LocalRotation: {x: -0.7071068, y: 0, z: 0, w: 0.7071068}
  m_LocalPosition: {x: -0, y: -0, z: -0.065}
  m_LocalScale: {x: 0.744, y: 0.744, z: 0.744}
  m_Children:
  - {fileID: 750354303}
  - {fileID: 820508634}
  m_Father: {fileID: 641395554}
  m_RootOrder: 0
  m_LocalEulerAnglesHint: {x: -90, y: 0, z: 0}
--- !u!1001 &992810887
Prefab:
  m_ObjectHideFlags: 0
  serializedVersion: 2
  m_Modification:
    m_TransformParent: {fileID: 421925296}
    m_Modifications:
    - target: {fileID: 400000, guid: 1167b6de0fad42f4a8232a5ead664c77, type: 3}
      propertyPath: m_LocalPosition.x
      value: 1.594717
      objectReference: {fileID: 0}
    - target: {fileID: 400000, guid: 1167b6de0fad42f4a8232a5ead664c77, type: 3}
      propertyPath: m_LocalPosition.y
      value: 0.286
      objectReference: {fileID: 0}
    - target: {fileID: 400000, guid: 1167b6de0fad42f4a8232a5ead664c77, type: 3}
      propertyPath: m_LocalPosition.z
      value: 3.07271
      objectReference: {fileID: 0}
    - target: {fileID: 400000, guid: 1167b6de0fad42f4a8232a5ead664c77, type: 3}
      propertyPath: m_LocalRotation.x
      value: -0
      objectReference: {fileID: 0}
    - target: {fileID: 400000, guid: 1167b6de0fad42f4a8232a5ead664c77, type: 3}
      propertyPath: m_LocalRotation.y
      value: -0
      objectReference: {fileID: 0}
    - target: {fileID: 400000, guid: 1167b6de0fad42f4a8232a5ead664c77, type: 3}
      propertyPath: m_LocalRotation.z
      value: -0
      objectReference: {fileID: 0}
    - target: {fileID: 400000, guid: 1167b6de0fad42f4a8232a5ead664c77, type: 3}
      propertyPath: m_LocalRotation.w
      value: 1
      objectReference: {fileID: 0}
    - target: {fileID: 400000, guid: 1167b6de0fad42f4a8232a5ead664c77, type: 3}
      propertyPath: m_RootOrder
      value: 0
      objectReference: {fileID: 0}
    - target: {fileID: 2300000, guid: 1167b6de0fad42f4a8232a5ead664c77, type: 3}
      propertyPath: m_Materials.Array.data[0]
      value: 
      objectReference: {fileID: 2100000, guid: 03336132d022cab41861473e444d3eb9, type: 2}
    - target: {fileID: 100000, guid: 1167b6de0fad42f4a8232a5ead664c77, type: 3}
      propertyPath: m_StaticEditorFlags
      value: 4294967295
      objectReference: {fileID: 0}
    - target: {fileID: 100002, guid: 1167b6de0fad42f4a8232a5ead664c77, type: 3}
      propertyPath: m_StaticEditorFlags
      value: 4294967295
      objectReference: {fileID: 0}
    m_RemovedComponents: []
  m_SourcePrefab: {fileID: 100100000, guid: 1167b6de0fad42f4a8232a5ead664c77, type: 3}
  m_IsPrefabAsset: 0
--- !u!1001 &1021000389
Prefab:
  m_ObjectHideFlags: 0
  serializedVersion: 2
  m_Modification:
    m_TransformParent: {fileID: 1031822979}
    m_Modifications:
    - target: {fileID: 400000, guid: 0f8c7462979792648abc93bea24fa94e, type: 3}
      propertyPath: m_LocalPosition.x
      value: -0.83528304
      objectReference: {fileID: 0}
    - target: {fileID: 400000, guid: 0f8c7462979792648abc93bea24fa94e, type: 3}
      propertyPath: m_LocalPosition.y
      value: 2.46
      objectReference: {fileID: 0}
    - target: {fileID: 400000, guid: 0f8c7462979792648abc93bea24fa94e, type: 3}
      propertyPath: m_LocalPosition.z
      value: -0.10000004
      objectReference: {fileID: 0}
    - target: {fileID: 400000, guid: 0f8c7462979792648abc93bea24fa94e, type: 3}
      propertyPath: m_LocalRotation.x
      value: -0
      objectReference: {fileID: 0}
    - target: {fileID: 400000, guid: 0f8c7462979792648abc93bea24fa94e, type: 3}
      propertyPath: m_LocalRotation.y
      value: -0
      objectReference: {fileID: 0}
    - target: {fileID: 400000, guid: 0f8c7462979792648abc93bea24fa94e, type: 3}
      propertyPath: m_LocalRotation.z
      value: -0
      objectReference: {fileID: 0}
    - target: {fileID: 400000, guid: 0f8c7462979792648abc93bea24fa94e, type: 3}
      propertyPath: m_LocalRotation.w
      value: 1
      objectReference: {fileID: 0}
    - target: {fileID: 400000, guid: 0f8c7462979792648abc93bea24fa94e, type: 3}
      propertyPath: m_RootOrder
      value: 1
      objectReference: {fileID: 0}
    - target: {fileID: 2300000, guid: 0f8c7462979792648abc93bea24fa94e, type: 3}
      propertyPath: m_Materials.Array.data[0]
      value: 
      objectReference: {fileID: 2100000, guid: 9f88d207e15952f4fa0a57706c9fa696, type: 2}
    - target: {fileID: 100002, guid: 0f8c7462979792648abc93bea24fa94e, type: 3}
      propertyPath: m_StaticEditorFlags
      value: 4294967295
      objectReference: {fileID: 0}
    - target: {fileID: 100000, guid: 0f8c7462979792648abc93bea24fa94e, type: 3}
      propertyPath: m_StaticEditorFlags
      value: 4294967295
      objectReference: {fileID: 0}
    m_RemovedComponents: []
  m_SourcePrefab: {fileID: 100100000, guid: 0f8c7462979792648abc93bea24fa94e, type: 3}
  m_IsPrefabAsset: 0
--- !u!4 &1021000390 stripped
Transform:
  m_CorrespondingSourceObject: {fileID: 400000, guid: 0f8c7462979792648abc93bea24fa94e,
    type: 3}
  m_PrefabInternal: {fileID: 1021000389}
--- !u!1 &1031822978
GameObject:
  m_ObjectHideFlags: 0
  m_CorrespondingSourceObject: {fileID: 0}
  m_PrefabInternal: {fileID: 0}
  serializedVersion: 6
  m_Component:
  - component: {fileID: 1031822979}
  m_Layer: 0
  m_Name: Arch (1)
  m_TagString: Untagged
  m_Icon: {fileID: 0}
  m_NavMeshLayer: 0
  m_StaticEditorFlags: 4294967295
  m_IsActive: 1
--- !u!4 &1031822979
Transform:
  m_ObjectHideFlags: 0
  m_CorrespondingSourceObject: {fileID: 0}
  m_PrefabInternal: {fileID: 0}
  m_GameObject: {fileID: 1031822978}
  m_LocalRotation: {x: -0, y: -0.19766198, z: -0, w: 0.98027027}
  m_LocalPosition: {x: 3.21, y: 0.42, z: 0.54}
  m_LocalScale: {x: 0.79025996, y: 0.79025996, z: 0.79025996}
  m_Children:
  - {fileID: 1654376704}
  - {fileID: 1021000390}
  - {fileID: 1437129639}
  - {fileID: 1706511969}
  - {fileID: 1598045131}
  m_Father: {fileID: 483620773}
  m_RootOrder: 3
  m_LocalEulerAnglesHint: {x: 0, y: -22.801, z: 0}
--- !u!1001 &1116471768
Prefab:
  m_ObjectHideFlags: 0
  serializedVersion: 2
  m_Modification:
    m_TransformParent: {fileID: 483620773}
    m_Modifications:
    - target: {fileID: 400000, guid: fe582c360d6437a4a9e7a79980ebd134, type: 3}
      propertyPath: m_LocalPosition.x
      value: 0.78
      objectReference: {fileID: 0}
    - target: {fileID: 400000, guid: fe582c360d6437a4a9e7a79980ebd134, type: 3}
      propertyPath: m_LocalPosition.y
      value: 0.55
      objectReference: {fileID: 0}
    - target: {fileID: 400000, guid: fe582c360d6437a4a9e7a79980ebd134, type: 3}
      propertyPath: m_LocalPosition.z
      value: 0.07
      objectReference: {fileID: 0}
    - target: {fileID: 400000, guid: fe582c360d6437a4a9e7a79980ebd134, type: 3}
      propertyPath: m_LocalRotation.x
      value: -0.56564015
      objectReference: {fileID: 0}
    - target: {fileID: 400000, guid: fe582c360d6437a4a9e7a79980ebd134, type: 3}
      propertyPath: m_LocalRotation.y
      value: -0
      objectReference: {fileID: 0}
    - target: {fileID: 400000, guid: fe582c360d6437a4a9e7a79980ebd134, type: 3}
      propertyPath: m_LocalRotation.z
      value: -0
      objectReference: {fileID: 0}
    - target: {fileID: 400000, guid: fe582c360d6437a4a9e7a79980ebd134, type: 3}
      propertyPath: m_LocalRotation.w
      value: 0.82465225
      objectReference: {fileID: 0}
    - target: {fileID: 400000, guid: fe582c360d6437a4a9e7a79980ebd134, type: 3}
      propertyPath: m_RootOrder
      value: 1
      objectReference: {fileID: 0}
    - target: {fileID: 400000, guid: fe582c360d6437a4a9e7a79980ebd134, type: 3}
      propertyPath: m_LocalScale.x
      value: 0.79026
      objectReference: {fileID: 0}
    - target: {fileID: 400000, guid: fe582c360d6437a4a9e7a79980ebd134, type: 3}
      propertyPath: m_LocalScale.y
      value: 0.79026
      objectReference: {fileID: 0}
    - target: {fileID: 400000, guid: fe582c360d6437a4a9e7a79980ebd134, type: 3}
      propertyPath: m_LocalScale.z
      value: 0.79026
      objectReference: {fileID: 0}
    - target: {fileID: 400000, guid: fe582c360d6437a4a9e7a79980ebd134, type: 3}
      propertyPath: m_LocalEulerAnglesHint.x
      value: -68.894005
      objectReference: {fileID: 0}
    - target: {fileID: 2300000, guid: fe582c360d6437a4a9e7a79980ebd134, type: 3}
      propertyPath: m_Materials.Array.data[0]
      value: 
      objectReference: {fileID: 2100000, guid: 9f88d207e15952f4fa0a57706c9fa696, type: 2}
    - target: {fileID: 100002, guid: fe582c360d6437a4a9e7a79980ebd134, type: 3}
      propertyPath: m_StaticEditorFlags
      value: 4294967295
      objectReference: {fileID: 0}
    - target: {fileID: 100000, guid: fe582c360d6437a4a9e7a79980ebd134, type: 3}
      propertyPath: m_StaticEditorFlags
      value: 4294967295
      objectReference: {fileID: 0}
    m_RemovedComponents: []
  m_SourcePrefab: {fileID: 100100000, guid: fe582c360d6437a4a9e7a79980ebd134, type: 3}
  m_IsPrefabAsset: 0
--- !u!4 &1116471769 stripped
Transform:
  m_CorrespondingSourceObject: {fileID: 400000, guid: fe582c360d6437a4a9e7a79980ebd134,
    type: 3}
  m_PrefabInternal: {fileID: 1116471768}
--- !u!1 &1292686463 stripped
GameObject:
  m_CorrespondingSourceObject: {fileID: 100000, guid: 1167b6de0fad42f4a8232a5ead664c77,
    type: 3}
  m_PrefabInternal: {fileID: 992810887}
--- !u!64 &1292686464
MeshCollider:
  m_ObjectHideFlags: 0
  m_CorrespondingSourceObject: {fileID: 0}
  m_PrefabInternal: {fileID: 0}
  m_GameObject: {fileID: 1292686463}
  m_Material: {fileID: 0}
  m_IsTrigger: 0
  m_Enabled: 1
  serializedVersion: 3
  m_Convex: 0
  m_CookingOptions: 14
  m_SkinWidth: 0.01
  m_Mesh: {fileID: 4300000, guid: 1167b6de0fad42f4a8232a5ead664c77, type: 3}
--- !u!4 &1292686465 stripped
Transform:
  m_CorrespondingSourceObject: {fileID: 400000, guid: 1167b6de0fad42f4a8232a5ead664c77,
    type: 3}
  m_PrefabInternal: {fileID: 992810887}
--- !u!1001 &1311573846
Prefab:
  m_ObjectHideFlags: 0
  serializedVersion: 2
  m_Modification:
    m_TransformParent: {fileID: 750354303}
    m_Modifications:
    - target: {fileID: 400002, guid: f9de6f1db83d73d4db46e7f4c9dd3379, type: 3}
      propertyPath: m_LocalPosition.x
      value: 0
      objectReference: {fileID: 0}
    - target: {fileID: 400002, guid: f9de6f1db83d73d4db46e7f4c9dd3379, type: 3}
      propertyPath: m_LocalPosition.y
      value: -0.42
      objectReference: {fileID: 0}
    - target: {fileID: 400002, guid: f9de6f1db83d73d4db46e7f4c9dd3379, type: 3}
      propertyPath: m_LocalPosition.z
      value: -0
      objectReference: {fileID: 0}
    - target: {fileID: 400002, guid: f9de6f1db83d73d4db46e7f4c9dd3379, type: 3}
      propertyPath: m_LocalRotation.x
      value: -0
      objectReference: {fileID: 0}
    - target: {fileID: 400002, guid: f9de6f1db83d73d4db46e7f4c9dd3379, type: 3}
      propertyPath: m_LocalRotation.y
      value: -0
      objectReference: {fileID: 0}
    - target: {fileID: 400002, guid: f9de6f1db83d73d4db46e7f4c9dd3379, type: 3}
      propertyPath: m_LocalRotation.z
      value: -0
      objectReference: {fileID: 0}
    - target: {fileID: 400002, guid: f9de6f1db83d73d4db46e7f4c9dd3379, type: 3}
      propertyPath: m_LocalRotation.w
      value: 1
      objectReference: {fileID: 0}
    - target: {fileID: 400002, guid: f9de6f1db83d73d4db46e7f4c9dd3379, type: 3}
      propertyPath: m_RootOrder
      value: 1
      objectReference: {fileID: 0}
    - target: {fileID: 2300000, guid: f9de6f1db83d73d4db46e7f4c9dd3379, type: 3}
      propertyPath: m_Materials.Array.data[0]
      value: 
      objectReference: {fileID: 2100000, guid: f6e5b94add1be0a4682889c480be9a43, type: 2}
    - target: {fileID: 100002, guid: f9de6f1db83d73d4db46e7f4c9dd3379, type: 3}
      propertyPath: m_Name
      value: HammerWoodPole
      objectReference: {fileID: 0}
    m_RemovedComponents: []
  m_SourcePrefab: {fileID: 100100000, guid: f9de6f1db83d73d4db46e7f4c9dd3379, type: 3}
  m_IsPrefabAsset: 0
--- !u!4 &1311573847 stripped
Transform:
  m_CorrespondingSourceObject: {fileID: 400002, guid: f9de6f1db83d73d4db46e7f4c9dd3379,
    type: 3}
  m_PrefabInternal: {fileID: 1311573846}
--- !u!1 &1314673858
GameObject:
  m_ObjectHideFlags: 0
  m_CorrespondingSourceObject: {fileID: 0}
  m_PrefabInternal: {fileID: 0}
  serializedVersion: 6
  m_Component:
  - component: {fileID: 1314673860}
  - component: {fileID: 1314673859}
  m_Layer: 0
  m_Name: Managers
  m_TagString: Untagged
  m_Icon: {fileID: 0}
  m_NavMeshLayer: 0
  m_StaticEditorFlags: 0
  m_IsActive: 1
--- !u!114 &1314673859
MonoBehaviour:
  m_ObjectHideFlags: 0
  m_CorrespondingSourceObject: {fileID: 0}
  m_PrefabInternal: {fileID: 0}
  m_GameObject: {fileID: 1314673858}
  m_Enabled: 1
  m_EditorHideFlags: 0
  m_Script: {fileID: 11500000, guid: 384129b6c315dd641a006c5181db8ee7, type: 3}
  m_Name: 
  m_EditorClassIdentifier: 
--- !u!4 &1314673860
Transform:
  m_ObjectHideFlags: 0
  m_CorrespondingSourceObject: {fileID: 0}
  m_PrefabInternal: {fileID: 0}
  m_GameObject: {fileID: 1314673858}
  m_LocalRotation: {x: 0, y: 0, z: 0, w: 1}
  m_LocalPosition: {x: 0, y: 0, z: 0}
  m_LocalScale: {x: 1, y: 1, z: 1}
  m_Children:
  - {fileID: 1954043600}
  - {fileID: 2070221936}
  m_Father: {fileID: 0}
  m_RootOrder: 0
  m_LocalEulerAnglesHint: {x: 0, y: 0, z: 0}
--- !u!1001 &1371071490
Prefab:
  m_ObjectHideFlags: 0
  serializedVersion: 2
  m_Modification:
    m_TransformParent: {fileID: 750354303}
    m_Modifications:
    - target: {fileID: 400002, guid: bc906bb067a3edb48a7b4521042a6e76, type: 3}
      propertyPath: m_LocalPosition.x
      value: 0
      objectReference: {fileID: 0}
    - target: {fileID: 400002, guid: bc906bb067a3edb48a7b4521042a6e76, type: 3}
      propertyPath: m_LocalPosition.y
      value: -0.02850002
      objectReference: {fileID: 0}
    - target: {fileID: 400002, guid: bc906bb067a3edb48a7b4521042a6e76, type: 3}
      propertyPath: m_LocalPosition.z
      value: 0
      objectReference: {fileID: 0}
    - target: {fileID: 400002, guid: bc906bb067a3edb48a7b4521042a6e76, type: 3}
      propertyPath: m_LocalRotation.x
      value: -0
      objectReference: {fileID: 0}
    - target: {fileID: 400002, guid: bc906bb067a3edb48a7b4521042a6e76, type: 3}
      propertyPath: m_LocalRotation.y
      value: -0
      objectReference: {fileID: 0}
    - target: {fileID: 400002, guid: bc906bb067a3edb48a7b4521042a6e76, type: 3}
      propertyPath: m_LocalRotation.z
      value: -0
      objectReference: {fileID: 0}
    - target: {fileID: 400002, guid: bc906bb067a3edb48a7b4521042a6e76, type: 3}
      propertyPath: m_LocalRotation.w
      value: 1
      objectReference: {fileID: 0}
    - target: {fileID: 400002, guid: bc906bb067a3edb48a7b4521042a6e76, type: 3}
      propertyPath: m_RootOrder
      value: 2
      objectReference: {fileID: 0}
    - target: {fileID: 2300000, guid: bc906bb067a3edb48a7b4521042a6e76, type: 3}
      propertyPath: m_Materials.Array.data[0]
      value: 
      objectReference: {fileID: 2100000, guid: c1c2f893ca36f5c4f8f00561b4a86f2e, type: 2}
    m_RemovedComponents: []
  m_SourcePrefab: {fileID: 100100000, guid: bc906bb067a3edb48a7b4521042a6e76, type: 3}
  m_IsPrefabAsset: 0
--- !u!1001 &1405136937
Prefab:
  m_ObjectHideFlags: 0
  serializedVersion: 2
  m_Modification:
    m_TransformParent: {fileID: 1661307489}
    m_Modifications:
    - target: {fileID: 400000, guid: fd9ffd2c1286d304184fecfe74f54e9f, type: 3}
      propertyPath: m_LocalPosition.x
      value: 1.02
      objectReference: {fileID: 0}
    - target: {fileID: 400000, guid: fd9ffd2c1286d304184fecfe74f54e9f, type: 3}
      propertyPath: m_LocalPosition.y
      value: -0.017999828
      objectReference: {fileID: 0}
    - target: {fileID: 400000, guid: fd9ffd2c1286d304184fecfe74f54e9f, type: 3}
      propertyPath: m_LocalPosition.z
      value: -0.10000004
      objectReference: {fileID: 0}
    - target: {fileID: 400000, guid: fd9ffd2c1286d304184fecfe74f54e9f, type: 3}
      propertyPath: m_LocalRotation.x
      value: -0
      objectReference: {fileID: 0}
    - target: {fileID: 400000, guid: fd9ffd2c1286d304184fecfe74f54e9f, type: 3}
      propertyPath: m_LocalRotation.y
      value: -0.70710677
      objectReference: {fileID: 0}
    - target: {fileID: 400000, guid: fd9ffd2c1286d304184fecfe74f54e9f, type: 3}
      propertyPath: m_LocalRotation.z
      value: -0
      objectReference: {fileID: 0}
    - target: {fileID: 400000, guid: fd9ffd2c1286d304184fecfe74f54e9f, type: 3}
      propertyPath: m_LocalRotation.w
      value: 0.7071068
      objectReference: {fileID: 0}
    - target: {fileID: 400000, guid: fd9ffd2c1286d304184fecfe74f54e9f, type: 3}
      propertyPath: m_RootOrder
      value: 2
      objectReference: {fileID: 0}
    - target: {fileID: 100000, guid: fd9ffd2c1286d304184fecfe74f54e9f, type: 3}
      propertyPath: m_Name
      value: Column_Model (1)
      objectReference: {fileID: 0}
    - target: {fileID: 400000, guid: fd9ffd2c1286d304184fecfe74f54e9f, type: 3}
      propertyPath: m_LocalEulerAnglesHint.y
      value: -90.00001
      objectReference: {fileID: 0}
    - target: {fileID: 2300000, guid: fd9ffd2c1286d304184fecfe74f54e9f, type: 3}
      propertyPath: m_Materials.Array.data[0]
      value: 
      objectReference: {fileID: 2100000, guid: 9f88d207e15952f4fa0a57706c9fa696, type: 2}
    - target: {fileID: 100002, guid: fd9ffd2c1286d304184fecfe74f54e9f, type: 3}
      propertyPath: m_StaticEditorFlags
      value: 4294967295
      objectReference: {fileID: 0}
    - target: {fileID: 100000, guid: fd9ffd2c1286d304184fecfe74f54e9f, type: 3}
      propertyPath: m_StaticEditorFlags
      value: 4294967295
      objectReference: {fileID: 0}
    m_RemovedComponents: []
  m_SourcePrefab: {fileID: 100100000, guid: fd9ffd2c1286d304184fecfe74f54e9f, type: 3}
  m_IsPrefabAsset: 0
--- !u!4 &1405136938 stripped
Transform:
  m_CorrespondingSourceObject: {fileID: 400000, guid: fd9ffd2c1286d304184fecfe74f54e9f,
    type: 3}
  m_PrefabInternal: {fileID: 1405136937}
--- !u!1001 &1414097009
Prefab:
  m_ObjectHideFlags: 0
  serializedVersion: 2
  m_Modification:
    m_TransformParent: {fileID: 1311573847}
    m_Modifications:
    - target: {fileID: 400002, guid: bc906bb067a3edb48a7b4521042a6e76, type: 3}
      propertyPath: m_LocalPosition.x
      value: 0
      objectReference: {fileID: 0}
    - target: {fileID: 400002, guid: bc906bb067a3edb48a7b4521042a6e76, type: 3}
      propertyPath: m_LocalPosition.y
      value: -0.737
      objectReference: {fileID: 0}
    - target: {fileID: 400002, guid: bc906bb067a3edb48a7b4521042a6e76, type: 3}
      propertyPath: m_LocalPosition.z
      value: 0
      objectReference: {fileID: 0}
    - target: {fileID: 400002, guid: bc906bb067a3edb48a7b4521042a6e76, type: 3}
      propertyPath: m_LocalRotation.x
      value: -0
      objectReference: {fileID: 0}
    - target: {fileID: 400002, guid: bc906bb067a3edb48a7b4521042a6e76, type: 3}
      propertyPath: m_LocalRotation.y
      value: 0.60876125
      objectReference: {fileID: 0}
    - target: {fileID: 400002, guid: bc906bb067a3edb48a7b4521042a6e76, type: 3}
      propertyPath: m_LocalRotation.z
      value: -0
      objectReference: {fileID: 0}
    - target: {fileID: 400002, guid: bc906bb067a3edb48a7b4521042a6e76, type: 3}
      propertyPath: m_LocalRotation.w
      value: 0.7933535
      objectReference: {fileID: 0}
    - target: {fileID: 400002, guid: bc906bb067a3edb48a7b4521042a6e76, type: 3}
      propertyPath: m_RootOrder
      value: 1
      objectReference: {fileID: 0}
    - target: {fileID: 100002, guid: bc906bb067a3edb48a7b4521042a6e76, type: 3}
      propertyPath: m_Name
      value: HammerBottom
      objectReference: {fileID: 0}
    - target: {fileID: 400002, guid: bc906bb067a3edb48a7b4521042a6e76, type: 3}
      propertyPath: m_LocalEulerAnglesHint.y
      value: 75
      objectReference: {fileID: 0}
    - target: {fileID: 2300000, guid: bc906bb067a3edb48a7b4521042a6e76, type: 3}
      propertyPath: m_Materials.Array.data[0]
      value: 
      objectReference: {fileID: 2100000, guid: c1c2f893ca36f5c4f8f00561b4a86f2e, type: 2}
    m_RemovedComponents: []
  m_SourcePrefab: {fileID: 100100000, guid: bc906bb067a3edb48a7b4521042a6e76, type: 3}
  m_IsPrefabAsset: 0
--- !u!1001 &1437129638
Prefab:
  m_ObjectHideFlags: 0
  serializedVersion: 2
  m_Modification:
    m_TransformParent: {fileID: 1031822979}
    m_Modifications:
    - target: {fileID: 400000, guid: fd9ffd2c1286d304184fecfe74f54e9f, type: 3}
      propertyPath: m_LocalPosition.x
      value: 1.02
      objectReference: {fileID: 0}
    - target: {fileID: 400000, guid: fd9ffd2c1286d304184fecfe74f54e9f, type: 3}
      propertyPath: m_LocalPosition.y
      value: -0.017999828
      objectReference: {fileID: 0}
    - target: {fileID: 400000, guid: fd9ffd2c1286d304184fecfe74f54e9f, type: 3}
      propertyPath: m_LocalPosition.z
      value: -0.10000004
      objectReference: {fileID: 0}
    - target: {fileID: 400000, guid: fd9ffd2c1286d304184fecfe74f54e9f, type: 3}
      propertyPath: m_LocalRotation.x
      value: -0
      objectReference: {fileID: 0}
    - target: {fileID: 400000, guid: fd9ffd2c1286d304184fecfe74f54e9f, type: 3}
      propertyPath: m_LocalRotation.y
      value: -0.70710677
      objectReference: {fileID: 0}
    - target: {fileID: 400000, guid: fd9ffd2c1286d304184fecfe74f54e9f, type: 3}
      propertyPath: m_LocalRotation.z
      value: -0
      objectReference: {fileID: 0}
    - target: {fileID: 400000, guid: fd9ffd2c1286d304184fecfe74f54e9f, type: 3}
      propertyPath: m_LocalRotation.w
      value: 0.7071068
      objectReference: {fileID: 0}
    - target: {fileID: 400000, guid: fd9ffd2c1286d304184fecfe74f54e9f, type: 3}
      propertyPath: m_RootOrder
      value: 2
      objectReference: {fileID: 0}
    - target: {fileID: 100000, guid: fd9ffd2c1286d304184fecfe74f54e9f, type: 3}
      propertyPath: m_Name
      value: Column_Model (1)
      objectReference: {fileID: 0}
    - target: {fileID: 400000, guid: fd9ffd2c1286d304184fecfe74f54e9f, type: 3}
      propertyPath: m_LocalEulerAnglesHint.y
      value: -90.00001
      objectReference: {fileID: 0}
    - target: {fileID: 2300000, guid: fd9ffd2c1286d304184fecfe74f54e9f, type: 3}
      propertyPath: m_Materials.Array.data[0]
      value: 
      objectReference: {fileID: 2100000, guid: 9f88d207e15952f4fa0a57706c9fa696, type: 2}
    - target: {fileID: 100000, guid: fd9ffd2c1286d304184fecfe74f54e9f, type: 3}
      propertyPath: m_StaticEditorFlags
      value: 4294967295
      objectReference: {fileID: 0}
    - target: {fileID: 100002, guid: fd9ffd2c1286d304184fecfe74f54e9f, type: 3}
      propertyPath: m_StaticEditorFlags
      value: 4294967295
      objectReference: {fileID: 0}
    m_RemovedComponents: []
  m_SourcePrefab: {fileID: 100100000, guid: fd9ffd2c1286d304184fecfe74f54e9f, type: 3}
  m_IsPrefabAsset: 0
--- !u!4 &1437129639 stripped
Transform:
  m_CorrespondingSourceObject: {fileID: 400000, guid: fd9ffd2c1286d304184fecfe74f54e9f,
    type: 3}
  m_PrefabInternal: {fileID: 1437129638}
--- !u!1001 &1465375159
Prefab:
  m_ObjectHideFlags: 0
  serializedVersion: 2
  m_Modification:
    m_TransformParent: {fileID: 483620773}
    m_Modifications:
    - target: {fileID: 400002, guid: e8c091c990094a64e8726e2b146e2bfa, type: 3}
      propertyPath: m_LocalPosition.x
      value: 2.72
      objectReference: {fileID: 0}
    - target: {fileID: 400002, guid: e8c091c990094a64e8726e2b146e2bfa, type: 3}
      propertyPath: m_LocalPosition.y
      value: 0.31
      objectReference: {fileID: 0}
    - target: {fileID: 400002, guid: e8c091c990094a64e8726e2b146e2bfa, type: 3}
      propertyPath: m_LocalPosition.z
      value: 1.47
      objectReference: {fileID: 0}
    - target: {fileID: 400002, guid: e8c091c990094a64e8726e2b146e2bfa, type: 3}
      propertyPath: m_LocalRotation.x
      value: 0.0023789702
      objectReference: {fileID: 0}
    - target: {fileID: 400002, guid: e8c091c990094a64e8726e2b146e2bfa, type: 3}
      propertyPath: m_LocalRotation.y
      value: -0.13329403
      objectReference: {fileID: 0}
    - target: {fileID: 400002, guid: e8c091c990094a64e8726e2b146e2bfa, type: 3}
      propertyPath: m_LocalRotation.z
      value: -0.017685402
      objectReference: {fileID: 0}
    - target: {fileID: 400002, guid: e8c091c990094a64e8726e2b146e2bfa, type: 3}
      propertyPath: m_LocalRotation.w
      value: 0.9909159
      objectReference: {fileID: 0}
    - target: {fileID: 400002, guid: e8c091c990094a64e8726e2b146e2bfa, type: 3}
      propertyPath: m_RootOrder
      value: 4
      objectReference: {fileID: 0}
    - target: {fileID: 400002, guid: e8c091c990094a64e8726e2b146e2bfa, type: 3}
      propertyPath: m_LocalEulerAnglesHint.y
      value: -15.3220005
      objectReference: {fileID: 0}
    - target: {fileID: 2300000, guid: e8c091c990094a64e8726e2b146e2bfa, type: 3}
      propertyPath: m_Materials.Array.data[0]
      value: 
      objectReference: {fileID: 2100000, guid: 9f88d207e15952f4fa0a57706c9fa696, type: 2}
    - target: {fileID: 400002, guid: e8c091c990094a64e8726e2b146e2bfa, type: 3}
      propertyPath: m_LocalEulerAnglesHint.z
      value: -2.045
      objectReference: {fileID: 0}
    - target: {fileID: 100002, guid: e8c091c990094a64e8726e2b146e2bfa, type: 3}
      propertyPath: m_StaticEditorFlags
      value: 4294967295
      objectReference: {fileID: 0}
    - target: {fileID: 100000, guid: e8c091c990094a64e8726e2b146e2bfa, type: 3}
      propertyPath: m_StaticEditorFlags
      value: 4294967295
      objectReference: {fileID: 0}
    m_RemovedComponents: []
  m_SourcePrefab: {fileID: 100100000, guid: e8c091c990094a64e8726e2b146e2bfa, type: 3}
  m_IsPrefabAsset: 0
--- !u!4 &1465375160 stripped
Transform:
  m_CorrespondingSourceObject: {fileID: 400002, guid: e8c091c990094a64e8726e2b146e2bfa,
    type: 3}
  m_PrefabInternal: {fileID: 1465375159}
--- !u!1001 &1598045130
Prefab:
  m_ObjectHideFlags: 0
  serializedVersion: 2
  m_Modification:
    m_TransformParent: {fileID: 1031822979}
    m_Modifications:
    - target: {fileID: 400000, guid: fbab9aba5b5e0c84884040db84058079, type: 3}
      propertyPath: m_LocalPosition.x
      value: 0.09699988
      objectReference: {fileID: 0}
    - target: {fileID: 400000, guid: fbab9aba5b5e0c84884040db84058079, type: 3}
      propertyPath: m_LocalPosition.y
      value: 2.5465465
      objectReference: {fileID: 0}
    - target: {fileID: 400000, guid: fbab9aba5b5e0c84884040db84058079, type: 3}
      propertyPath: m_LocalPosition.z
      value: -0.09899999
      objectReference: {fileID: 0}
    - target: {fileID: 400000, guid: fbab9aba5b5e0c84884040db84058079, type: 3}
      propertyPath: m_LocalRotation.x
      value: -0
      objectReference: {fileID: 0}
    - target: {fileID: 400000, guid: fbab9aba5b5e0c84884040db84058079, type: 3}
      propertyPath: m_LocalRotation.y
      value: -0
      objectReference: {fileID: 0}
    - target: {fileID: 400000, guid: fbab9aba5b5e0c84884040db84058079, type: 3}
      propertyPath: m_LocalRotation.z
      value: -0
      objectReference: {fileID: 0}
    - target: {fileID: 400000, guid: fbab9aba5b5e0c84884040db84058079, type: 3}
      propertyPath: m_LocalRotation.w
      value: 1
      objectReference: {fileID: 0}
    - target: {fileID: 400000, guid: fbab9aba5b5e0c84884040db84058079, type: 3}
      propertyPath: m_RootOrder
      value: 4
      objectReference: {fileID: 0}
    - target: {fileID: 2300000, guid: fbab9aba5b5e0c84884040db84058079, type: 3}
      propertyPath: m_Materials.Array.data[0]
      value: 
      objectReference: {fileID: 2100000, guid: 9f88d207e15952f4fa0a57706c9fa696, type: 2}
    - target: {fileID: 100000, guid: fbab9aba5b5e0c84884040db84058079, type: 3}
      propertyPath: m_StaticEditorFlags
      value: 4294967295
      objectReference: {fileID: 0}
    - target: {fileID: 100002, guid: fbab9aba5b5e0c84884040db84058079, type: 3}
      propertyPath: m_StaticEditorFlags
      value: 4294967295
      objectReference: {fileID: 0}
    m_RemovedComponents: []
  m_SourcePrefab: {fileID: 100100000, guid: fbab9aba5b5e0c84884040db84058079, type: 3}
  m_IsPrefabAsset: 0
--- !u!4 &1598045131 stripped
Transform:
  m_CorrespondingSourceObject: {fileID: 400000, guid: fbab9aba5b5e0c84884040db84058079,
    type: 3}
  m_PrefabInternal: {fileID: 1598045130}
--- !u!1001 &1654376703
Prefab:
  m_ObjectHideFlags: 0
  serializedVersion: 2
  m_Modification:
    m_TransformParent: {fileID: 1031822979}
    m_Modifications:
    - target: {fileID: 400000, guid: fd9ffd2c1286d304184fecfe74f54e9f, type: 3}
      propertyPath: m_LocalPosition.x
      value: -0.83528304
      objectReference: {fileID: 0}
    - target: {fileID: 400000, guid: fd9ffd2c1286d304184fecfe74f54e9f, type: 3}
      propertyPath: m_LocalPosition.y
      value: -0.017999828
      objectReference: {fileID: 0}
    - target: {fileID: 400000, guid: fd9ffd2c1286d304184fecfe74f54e9f, type: 3}
      propertyPath: m_LocalPosition.z
      value: -0.10000004
      objectReference: {fileID: 0}
    - target: {fileID: 400000, guid: fd9ffd2c1286d304184fecfe74f54e9f, type: 3}
      propertyPath: m_LocalRotation.x
      value: -0
      objectReference: {fileID: 0}
    - target: {fileID: 400000, guid: fd9ffd2c1286d304184fecfe74f54e9f, type: 3}
      propertyPath: m_LocalRotation.y
      value: -0
      objectReference: {fileID: 0}
    - target: {fileID: 400000, guid: fd9ffd2c1286d304184fecfe74f54e9f, type: 3}
      propertyPath: m_LocalRotation.z
      value: -0
      objectReference: {fileID: 0}
    - target: {fileID: 400000, guid: fd9ffd2c1286d304184fecfe74f54e9f, type: 3}
      propertyPath: m_LocalRotation.w
      value: 1
      objectReference: {fileID: 0}
    - target: {fileID: 400000, guid: fd9ffd2c1286d304184fecfe74f54e9f, type: 3}
      propertyPath: m_RootOrder
      value: 0
      objectReference: {fileID: 0}
    - target: {fileID: 2300000, guid: fd9ffd2c1286d304184fecfe74f54e9f, type: 3}
      propertyPath: m_Materials.Array.data[0]
      value: 
      objectReference: {fileID: 2100000, guid: 9f88d207e15952f4fa0a57706c9fa696, type: 2}
    - target: {fileID: 100002, guid: fd9ffd2c1286d304184fecfe74f54e9f, type: 3}
      propertyPath: m_StaticEditorFlags
      value: 4294967295
      objectReference: {fileID: 0}
    - target: {fileID: 100000, guid: fd9ffd2c1286d304184fecfe74f54e9f, type: 3}
      propertyPath: m_StaticEditorFlags
      value: 4294967295
      objectReference: {fileID: 0}
    m_RemovedComponents: []
  m_SourcePrefab: {fileID: 100100000, guid: fd9ffd2c1286d304184fecfe74f54e9f, type: 3}
  m_IsPrefabAsset: 0
--- !u!4 &1654376704 stripped
Transform:
  m_CorrespondingSourceObject: {fileID: 400000, guid: fd9ffd2c1286d304184fecfe74f54e9f,
    type: 3}
  m_PrefabInternal: {fileID: 1654376703}
--- !u!1 &1661307488
GameObject:
  m_ObjectHideFlags: 0
  m_CorrespondingSourceObject: {fileID: 0}
  m_PrefabInternal: {fileID: 0}
  serializedVersion: 6
  m_Component:
  - component: {fileID: 1661307489}
  m_Layer: 0
  m_Name: Arch
  m_TagString: Untagged
  m_Icon: {fileID: 0}
  m_NavMeshLayer: 0
  m_StaticEditorFlags: 4294967295
  m_IsActive: 1
--- !u!4 &1661307489
Transform:
  m_ObjectHideFlags: 0
  m_CorrespondingSourceObject: {fileID: 0}
  m_PrefabInternal: {fileID: 0}
  m_GameObject: {fileID: 1661307488}
  m_LocalRotation: {x: -0, y: 0.3735217, z: -0, w: 0.9276215}
  m_LocalPosition: {x: -1.54, y: 0.42, z: 1.16}
  m_LocalScale: {x: 0.79026, y: 0.79026, z: 0.79026}
  m_Children:
  - {fileID: 781008349}
  - {fileID: 1910565193}
  - {fileID: 1405136938}
  - {fileID: 31775713}
  - {fileID: 690448911}
  m_Father: {fileID: 483620773}
  m_RootOrder: 0
  m_LocalEulerAnglesHint: {x: 0, y: 43.866, z: 0}
--- !u!1 &1695928458
GameObject:
  m_ObjectHideFlags: 0
  m_CorrespondingSourceObject: {fileID: 0}
  m_PrefabInternal: {fileID: 0}
  serializedVersion: 6
  m_Component:
  - component: {fileID: 1695928459}
  - component: {fileID: 1695928460}
  m_Layer: 0
  m_Name: Banhammer
  m_TagString: Untagged
  m_Icon: {fileID: 0}
  m_NavMeshLayer: 0
  m_StaticEditorFlags: 0
  m_IsActive: 1
--- !u!4 &1695928459
Transform:
  m_ObjectHideFlags: 0
  m_CorrespondingSourceObject: {fileID: 0}
  m_PrefabInternal: {fileID: 0}
  m_GameObject: {fileID: 1695928458}
  m_LocalRotation: {x: -0.00000084491205, y: 0.9014743, z: -0.43283263, w: 0.0000017597248}
  m_LocalPosition: {x: 0, y: 1.268, z: -1.097}
  m_LocalScale: {x: 1, y: 1, z: 1}
  m_Children:
  - {fileID: 641395554}
  - {fileID: 466368032}
  m_Father: {fileID: 0}
  m_RootOrder: 1
  m_LocalEulerAnglesHint: {x: 51.295002, y: 180.00002, z: 0}
--- !u!114 &1695928460
MonoBehaviour:
  m_ObjectHideFlags: 0
  m_CorrespondingSourceObject: {fileID: 0}
  m_PrefabInternal: {fileID: 0}
  m_GameObject: {fileID: 1695928458}
  m_Enabled: 1
  m_EditorHideFlags: 0
  m_Script: {fileID: 11500000, guid: 5cebd0a2d7c78bd498261b2bcee2570c, type: 3}
  m_Name: 
  m_EditorClassIdentifier: 
  gripHand: {fileID: 0}
  pivotHand: {fileID: 0}
  hammerGrip: {fileID: 641395554}
  hammerPivot: {fileID: 466368032}
  swingPower: 0
--- !u!1001 &1706511968
Prefab:
  m_ObjectHideFlags: 0
  serializedVersion: 2
  m_Modification:
    m_TransformParent: {fileID: 1031822979}
    m_Modifications:
    - target: {fileID: 400000, guid: 0f8c7462979792648abc93bea24fa94e, type: 3}
      propertyPath: m_LocalPosition.x
      value: 1.02
      objectReference: {fileID: 0}
    - target: {fileID: 400000, guid: 0f8c7462979792648abc93bea24fa94e, type: 3}
      propertyPath: m_LocalPosition.y
      value: 2.46
      objectReference: {fileID: 0}
    - target: {fileID: 400000, guid: 0f8c7462979792648abc93bea24fa94e, type: 3}
      propertyPath: m_LocalPosition.z
      value: -0.10000004
      objectReference: {fileID: 0}
    - target: {fileID: 400000, guid: 0f8c7462979792648abc93bea24fa94e, type: 3}
      propertyPath: m_LocalRotation.x
      value: -0
      objectReference: {fileID: 0}
    - target: {fileID: 400000, guid: 0f8c7462979792648abc93bea24fa94e, type: 3}
      propertyPath: m_LocalRotation.y
      value: -0.70710677
      objectReference: {fileID: 0}
    - target: {fileID: 400000, guid: 0f8c7462979792648abc93bea24fa94e, type: 3}
      propertyPath: m_LocalRotation.z
      value: -0
      objectReference: {fileID: 0}
    - target: {fileID: 400000, guid: 0f8c7462979792648abc93bea24fa94e, type: 3}
      propertyPath: m_LocalRotation.w
      value: 0.7071068
      objectReference: {fileID: 0}
    - target: {fileID: 400000, guid: 0f8c7462979792648abc93bea24fa94e, type: 3}
      propertyPath: m_RootOrder
      value: 3
      objectReference: {fileID: 0}
    - target: {fileID: 100000, guid: 0f8c7462979792648abc93bea24fa94e, type: 3}
      propertyPath: m_Name
      value: ColumnTopSlab_Model (1)
      objectReference: {fileID: 0}
    - target: {fileID: 400000, guid: 0f8c7462979792648abc93bea24fa94e, type: 3}
      propertyPath: m_LocalEulerAnglesHint.y
      value: -90.00001
      objectReference: {fileID: 0}
    - target: {fileID: 2300000, guid: 0f8c7462979792648abc93bea24fa94e, type: 3}
      propertyPath: m_Materials.Array.data[0]
      value: 
      objectReference: {fileID: 2100000, guid: 9f88d207e15952f4fa0a57706c9fa696, type: 2}
    - target: {fileID: 100000, guid: 0f8c7462979792648abc93bea24fa94e, type: 3}
      propertyPath: m_StaticEditorFlags
      value: 4294967295
      objectReference: {fileID: 0}
    - target: {fileID: 100002, guid: 0f8c7462979792648abc93bea24fa94e, type: 3}
      propertyPath: m_StaticEditorFlags
      value: 4294967295
      objectReference: {fileID: 0}
    m_RemovedComponents: []
  m_SourcePrefab: {fileID: 100100000, guid: 0f8c7462979792648abc93bea24fa94e, type: 3}
  m_IsPrefabAsset: 0
--- !u!4 &1706511969 stripped
Transform:
  m_CorrespondingSourceObject: {fileID: 400000, guid: 0f8c7462979792648abc93bea24fa94e,
    type: 3}
  m_PrefabInternal: {fileID: 1706511968}
--- !u!1001 &1910565192
Prefab:
  m_ObjectHideFlags: 0
  serializedVersion: 2
  m_Modification:
    m_TransformParent: {fileID: 1661307489}
    m_Modifications:
    - target: {fileID: 400000, guid: 0f8c7462979792648abc93bea24fa94e, type: 3}
      propertyPath: m_LocalPosition.x
      value: -0.83528304
      objectReference: {fileID: 0}
    - target: {fileID: 400000, guid: 0f8c7462979792648abc93bea24fa94e, type: 3}
      propertyPath: m_LocalPosition.y
      value: 2.46
      objectReference: {fileID: 0}
    - target: {fileID: 400000, guid: 0f8c7462979792648abc93bea24fa94e, type: 3}
      propertyPath: m_LocalPosition.z
      value: -0.10000004
      objectReference: {fileID: 0}
    - target: {fileID: 400000, guid: 0f8c7462979792648abc93bea24fa94e, type: 3}
      propertyPath: m_LocalRotation.x
      value: -0
      objectReference: {fileID: 0}
    - target: {fileID: 400000, guid: 0f8c7462979792648abc93bea24fa94e, type: 3}
      propertyPath: m_LocalRotation.y
      value: -0
      objectReference: {fileID: 0}
    - target: {fileID: 400000, guid: 0f8c7462979792648abc93bea24fa94e, type: 3}
      propertyPath: m_LocalRotation.z
      value: -0
      objectReference: {fileID: 0}
    - target: {fileID: 400000, guid: 0f8c7462979792648abc93bea24fa94e, type: 3}
      propertyPath: m_LocalRotation.w
      value: 1
      objectReference: {fileID: 0}
    - target: {fileID: 400000, guid: 0f8c7462979792648abc93bea24fa94e, type: 3}
      propertyPath: m_RootOrder
      value: 1
      objectReference: {fileID: 0}
    - target: {fileID: 2300000, guid: 0f8c7462979792648abc93bea24fa94e, type: 3}
      propertyPath: m_Materials.Array.data[0]
      value: 
      objectReference: {fileID: 2100000, guid: 9f88d207e15952f4fa0a57706c9fa696, type: 2}
    - target: {fileID: 100002, guid: 0f8c7462979792648abc93bea24fa94e, type: 3}
      propertyPath: m_StaticEditorFlags
      value: 4294967295
      objectReference: {fileID: 0}
    - target: {fileID: 100000, guid: 0f8c7462979792648abc93bea24fa94e, type: 3}
      propertyPath: m_StaticEditorFlags
      value: 4294967295
      objectReference: {fileID: 0}
    m_RemovedComponents: []
  m_SourcePrefab: {fileID: 100100000, guid: 0f8c7462979792648abc93bea24fa94e, type: 3}
  m_IsPrefabAsset: 0
--- !u!4 &1910565193 stripped
Transform:
  m_CorrespondingSourceObject: {fileID: 400000, guid: 0f8c7462979792648abc93bea24fa94e,
    type: 3}
  m_PrefabInternal: {fileID: 1910565192}
--- !u!1 &1951141838 stripped
GameObject:
  m_CorrespondingSourceObject: {fileID: 100002, guid: 62d29d9a70de60e4b85455a944b0a623,
    type: 3}
  m_PrefabInternal: {fileID: 820508633}
--- !u!114 &1951141839
MonoBehaviour:
  m_ObjectHideFlags: 0
  m_CorrespondingSourceObject: {fileID: 0}
  m_PrefabInternal: {fileID: 0}
  m_GameObject: {fileID: 1951141838}
  m_Enabled: 1
  m_EditorHideFlags: 0
  m_Script: {fileID: 11500000, guid: b1b45453119353d46a85b550ca0aa1e0, type: 3}
  m_Name: 
  m_EditorClassIdentifier: 
--- !u!65 &1951141840
BoxCollider:
  m_ObjectHideFlags: 0
  m_CorrespondingSourceObject: {fileID: 0}
  m_PrefabInternal: {fileID: 0}
  m_GameObject: {fileID: 1951141838}
  m_Material: {fileID: 0}
  m_IsTrigger: 0
  m_Enabled: 1
  serializedVersion: 2
  m_Size: {x: 0.36, y: 0.43, z: 0.87}
  m_Center: {x: 0, y: 0, z: 0}
--- !u!54 &1951141841
Rigidbody:
  m_ObjectHideFlags: 0
  m_CorrespondingSourceObject: {fileID: 0}
  m_PrefabInternal: {fileID: 0}
  m_GameObject: {fileID: 1951141838}
  serializedVersion: 2
  m_Mass: 1
  m_Drag: 0
  m_AngularDrag: 0.05
  m_UseGravity: 0
  m_IsKinematic: 0
  m_Interpolate: 0
  m_Constraints: 126
  m_CollisionDetection: 1
--- !u!1 &1954043598
GameObject:
  m_ObjectHideFlags: 0
  m_CorrespondingSourceObject: {fileID: 0}
  m_PrefabInternal: {fileID: 0}
  serializedVersion: 6
  m_Component:
  - component: {fileID: 1954043600}
  - component: {fileID: 1954043599}
  - component: {fileID: 1954043601}
  m_Layer: 0
  m_Name: NodeManager
  m_TagString: Untagged
  m_Icon: {fileID: 0}
  m_NavMeshLayer: 0
  m_StaticEditorFlags: 0
  m_IsActive: 1
--- !u!114 &1954043599
MonoBehaviour:
  m_ObjectHideFlags: 0
  m_CorrespondingSourceObject: {fileID: 0}
  m_PrefabInternal: {fileID: 0}
  m_GameObject: {fileID: 1954043598}
  m_Enabled: 1
  m_EditorHideFlags: 0
  m_Script: {fileID: 11500000, guid: 961346d7e16a445ff93777573e78efd6, type: 3}
  m_Name: 
  m_EditorClassIdentifier: 
  url: ws://127.0.0.1:3000/socket.io/?EIO=4&transport=websocket
  autoConnect: 1
  reconnectDelay: 5
  ackExpirationTime: 1800
  pingInterval: 25
  pingTimeout: 60
--- !u!4 &1954043600
Transform:
  m_ObjectHideFlags: 0
  m_CorrespondingSourceObject: {fileID: 0}
  m_PrefabInternal: {fileID: 0}
  m_GameObject: {fileID: 1954043598}
  m_LocalRotation: {x: -0, y: -0, z: -0, w: 1}
  m_LocalPosition: {x: 0, y: 0, z: 0}
  m_LocalScale: {x: 1, y: 1, z: 1}
  m_Children: []
  m_Father: {fileID: 1314673860}
  m_RootOrder: 0
  m_LocalEulerAnglesHint: {x: 0, y: 0, z: 0}
--- !u!114 &1954043601
MonoBehaviour:
  m_ObjectHideFlags: 0
  m_CorrespondingSourceObject: {fileID: 0}
  m_PrefabInternal: {fileID: 0}
  m_GameObject: {fileID: 1954043598}
  m_Enabled: 1
  m_EditorHideFlags: 0
  m_Script: {fileID: 11500000, guid: 031dd602f29afff4b8ca8fe9f62be771, type: 3}
  m_Name: 
  m_EditorClassIdentifier: 
--- !u!1 &2053251243
GameObject:
  m_ObjectHideFlags: 0
  m_CorrespondingSourceObject: {fileID: 0}
  m_PrefabInternal: {fileID: 0}
  serializedVersion: 6
  m_Component:
  - component: {fileID: 2053251244}
  - component: {fileID: 2053251245}
  m_Layer: 0
  m_Name: FillLight
  m_TagString: Untagged
  m_Icon: {fileID: 0}
  m_NavMeshLayer: 0
  m_StaticEditorFlags: 4294967295
  m_IsActive: 1
--- !u!4 &2053251244
Transform:
  m_ObjectHideFlags: 0
  m_CorrespondingSourceObject: {fileID: 0}
  m_PrefabInternal: {fileID: 0}
  m_GameObject: {fileID: 2053251243}
  m_LocalRotation: {x: -0.6337415, y: 0.6338863, z: -0.048114393, w: -0.44073236}
  m_LocalPosition: {x: 1.594717, y: 3.2954535, z: 3.07271}
  m_LocalScale: {x: 1, y: 1, z: 1}
  m_Children: []
  m_Father: {fileID: 344654617}
  m_RootOrder: 1
  m_LocalEulerAnglesHint: {x: -218.288, y: 399.359, z: -255.832}
--- !u!108 &2053251245
Light:
  m_ObjectHideFlags: 0
  m_CorrespondingSourceObject: {fileID: 0}
  m_PrefabInternal: {fileID: 0}
  m_GameObject: {fileID: 2053251243}
  m_Enabled: 1
  serializedVersion: 8
  m_Type: 1
  m_Color: {r: 0.5562478, g: 0.8608901, b: 0.9433962, a: 1}
  m_Intensity: 0.42
  m_Range: 10
  m_SpotAngle: 30
  m_CookieSize: 10
  m_Shadows:
    m_Type: 0
    m_Resolution: -1
    m_CustomResolution: -1
    m_Strength: 1
    m_Bias: 0.05
    m_NormalBias: 0.4
    m_NearPlane: 0.2
  m_Cookie: {fileID: 0}
  m_DrawHalo: 0
  m_Flare: {fileID: 0}
  m_RenderMode: 0
  m_CullingMask:
    serializedVersion: 2
    m_Bits: 4294967295
  m_Lightmapping: 1
  m_LightShadowCasterMode: 0
  m_AreaSize: {x: 1, y: 1}
  m_BounceIntensity: 1
  m_ColorTemperature: 6570
  m_UseColorTemperature: 0
  m_ShadowRadius: 0
  m_ShadowAngle: 0
--- !u!1 &2070221935
GameObject:
  m_ObjectHideFlags: 0
  m_CorrespondingSourceObject: {fileID: 0}
  m_PrefabInternal: {fileID: 0}
  serializedVersion: 6
  m_Component:
  - component: {fileID: 2070221936}
  - component: {fileID: 2070221937}
  m_Layer: 0
  m_Name: StageManager
  m_TagString: Untagged
  m_Icon: {fileID: 0}
  m_NavMeshLayer: 0
  m_StaticEditorFlags: 0
  m_IsActive: 1
--- !u!4 &2070221936
Transform:
  m_ObjectHideFlags: 0
  m_CorrespondingSourceObject: {fileID: 0}
  m_PrefabInternal: {fileID: 0}
  m_GameObject: {fileID: 2070221935}
  m_LocalRotation: {x: 0, y: 0, z: 0, w: 1}
  m_LocalPosition: {x: 0, y: 0, z: 0}
  m_LocalScale: {x: 1, y: 1, z: 1}
  m_Children: []
  m_Father: {fileID: 1314673860}
  m_RootOrder: 1
  m_LocalEulerAnglesHint: {x: 0, y: 0, z: 0}
--- !u!114 &2070221937
MonoBehaviour:
  m_ObjectHideFlags: 0
  m_CorrespondingSourceObject: {fileID: 0}
  m_PrefabInternal: {fileID: 0}
  m_GameObject: {fileID: 2070221935}
  m_Enabled: 1
  m_EditorHideFlags: 0
  m_Script: {fileID: 11500000, guid: 18ff14a48373f894abbf5735c1107fef, type: 3}
  m_Name: 
  m_EditorClassIdentifier: 
  plinth: {fileID: 351400257}
  avatarPrefab: {fileID: 1342799268605864, guid: 0dd7a42486e94f440b88c30b32640455,
    type: 2}
  banhammer: {fileID: 1695928460}
